<record><leader>00000cas a22000007a 4500</leader><controlfield tag="001">17425165</controlfield><controlfield tag="008">880203d18541854gauir ne      0    0eng d</controlfield><datafield ind1=" " ind2=" " tag="010"><subfield code="a">sn 88067027 </subfield></datafield><datafield ind1=" " ind2=" " tag="040"><subfield code="a">MSJ</subfield><subfield code="b">eng</subfield><subfield code="c">MSJ</subfield><subfield code="d">NLG</subfield><subfield code="d">OCLCQ</subfield></datafield><datafield ind1=" " ind2=" " tag="042"><subfield code="a">msc</subfield></datafield><datafield ind1="0" ind2=" " tag="130"><subfield code="a">Times and sentinel (Columbus, Ga.)</subfield></datafield><datafield ind1="1" ind2="4" tag="245"><subfield code="a">The Times and sentinel.</subfield></datafield><datafield ind1=" " ind2=" " tag="260"><subfield code="a">Columbus, Ga. :</subfield><subfield code="b">Tennent Lomax &amp; Roswell Ellis</subfield></datafield><datafield ind1=" " ind2=" " tag="310"><subfield code="a">Triweekly</subfield></datafield><datafield ind1="1" ind2=" " tag="362"><subfield code="a">Began in 1854? Ceased in Dec. 1854?</subfield></datafield><datafield ind1=" " ind2=" " tag="588"><subfield code="a">Description based on: Vol. 2, no. 57 (May 13, 1854).</subfield></datafield><datafield ind1=" " ind2=" " tag="752"><subfield code="a">United States</subfield><subfield code="b">Georgia</subfield><subfield code="c">Muscogee</subfield><subfield code="d">Columbus.</subfield></datafield><datafield ind1="1" ind2=" " tag="775"><subfield code="t">Weekly times &amp; sentinel</subfield><subfield code="w">(DLC)sn 86053045</subfield></datafield><datafield ind1="0" ind2="0" tag="780"><subfield code="t">Tri-weekly times and sentinel</subfield><subfield code="w">(DLC)sn 89053814</subfield></datafield><datafield ind1="0" ind2="0" tag="785"><subfield code="t">Times &amp; sentinel tri-weekly</subfield><subfield code="w">(DLC)sn 89053817</subfield></datafield></record>